% ------------------------------------------------------------------------
% BIBLIOGRAPHY FILE
% ------------------------------------------------------------------------

@article{brunet2019,
  title={Light-regulated collective contractility in a multicellular choanoflagellate},
  author={Brunet, Thibaut and Larson, Ben T and Linden, Tess A and Vermeij, Mark JA and McDonald, Kent and King, Nicole},
  journal={Science},
  volume={366},
  number={6463},
  pages={326--334},
  year={2019},
  publisher={American Association for the Advancement of Science}
}

@article{fairclough2010,
  title={Multicellular development in a choanoflagellate},
  author={Fairclough, Stephen R and Dayel, Mark J and King, Nicole},
  journal={Current Biology},
  volume={20},
  number={20},
  pages={R875--R876},
  year={2010},
  publisher={Elsevier}
}

@article{powers2010,
  title={Dynamics of filaments and membranes in a viscous fluid},
  author={Powers, Thomas R},
  journal={Reviews of Modern Physics},
  volume={82},
  number={2},
  pages={1607},
  year={2010},
  publisher={APS}
}
